@Misc{Foursquare,
key = {Foursquare},
howpublished = {\url{http://www.foursquare.com}. Acesso em 27-05-2013},
}
@Misc{Android,
key = {Android},
howpublished = {\url{http://www.android.com/}. Acesso em 27-05-2013},
}

